<?xml version="1.0" encoding="UTF-8"?><collection xmlns="http://www.loc.gov/MARC21/slim"><record><leader>00517nam--2200169-i-4500</leader><controlfield tag="001">000045987</controlfield><controlfield tag="002">20161230</controlfield><controlfield tag="005">20161230201045</controlfield><controlfield tag="008">060222s1000------------r-----000-0-eng-d</controlfield><datafield ind1=" " ind2=" " tag="040"><subfield code="a">IFIN-HH</subfield></datafield><datafield ind1=" " ind2=" " tag="080"><subfield code="a">577.346:539.12.04</subfield></datafield><datafield ind1="1" ind2=" " tag="100"><subfield code="a">Van Cleave, Charles D</subfield></datafield><datafield ind1="1" ind2="0" tag="245"><subfield code="a">Late somatic effects of ionizing radiation</subfield><subfield code="c">Charles d. van cleave</subfield></datafield><datafield ind1=" " ind2=" " tag="260"><subfield code="a">Oak Ridge, Tennessee</subfield><subfield code="b">Usaec Division Of Technical Information Extension</subfield><subfield code="c">1969</subfield></datafield><datafield ind1=" " ind2=" " tag="300"><subfield code="a">VII+310P</subfield></datafield><datafield ind1=" " ind2=" " tag="852"><subfield code="a">32524</subfield><subfield code="c">539.12.04</subfield></datafield><datafield ind1=" " ind2=" " tag="CAT"><subfield code="a">Sys</subfield><subfield code="c">20120207</subfield><subfield code="h">091824</subfield></datafield></record></collection>